@book{aitca,
    title={An introduction to combinatorial analysis},
    author={Riordan, John},
    publisher={Wiley},
    year={1958}
}
